[
  {
    "spieltag": 1,
    "date": "2022-09-16",
    "weekday": "Friday",
    "time": 19.3,
    "home_team": "Grizzlys Wolfsburg",
    "away_team": "Löwen Frankfurt",
    "distance": 369,
    "season": "22-23",
    "datetime": "2022-09-16 19:30:00",
    "ticket_count": 1509,
    "gross_revenue": 24121,
    "season_tickets_sold": 978,
    "season_tickets_revenue": 328504,
    "total_season_tickets": 71796,
    "total_season_revenue": 1640176.9
  },
  {
    "spieltag": 4,
    "date": "2022-09-25",
    "weekday": "Sunday",
    "time": 16.3,
    "home_team": "Grizzlys Wolfsburg",
    "away_team": "Nürnberg Ice Tigers",
    "distance": 463,
    "season": "22-23",
    "datetime": "2022-09-25 16:30:00",
    "ticket_count": 1473,
    "gross_revenue": 15696,
    "season_tickets_sold": 978,
    "season_tickets_revenue": 328504,
    "total_season_tickets": 71796,
    "total_season_revenue": 1640176.9
  },
  {
    "spieltag": 5,
    "date": "2022-09-27",
    "weekday": "Tuesday",
    "time": 19.3,
    "home_team": "Grizzlys Wolfsburg",
    "away_team": "Augsburger Panther",
    "distance": 588,
    "season": "22-23",
    "datetime": "2022-09-27 19:30:00",
    "ticket_count": 987,
    "gross_revenue": 7880,
    "season_tickets_sold": 978,
    "season_tickets_revenue": 328504,
    "total_season_tickets": 71796,
    "total_season_revenue": 1640176.9
  },
  {
    "spieltag": 9,
    "date": "2022-10-09",
    "weekday": "Sunday",
    "time": 14,
    "home_team": "Grizzlys Wolfsburg",
    "away_team": "EHC Red Bull München",
    "distance": 600,
    "season": "22-23",
    "datetime": "2022-10-09 14:00:00",
    "ticket_count": 1336,
    "gross_revenue": 20676,
    "season_tickets_sold": 978,
    "season_tickets_revenue": 328504,
    "total_season_tickets": 71796,
    "total_season_revenue": 1640176.9
  },
  {
    "spieltag": 11,
    "date": "2022-10-16",
    "weekday": "Sunday",
    "time": 19,
    "home_team": "Grizzlys Wolfsburg",
    "away_team": "Schwenninger Wild Wings",
    "distance": 638,
    "season": "22-23",
    "datetime": "2022-10-16 19:00:00",
    "ticket_count": 1146,
    "gross_revenue": 11196,
    "season_tickets_sold": 978,
    "season_tickets_revenue": 328504,
    "total_season_tickets": 71796,
    "total_season_revenue": 1640176.9
  },
  {
    "spieltag": 12,
    "date": "2022-10-18",
    "weekday": "Wednesday",
    "time": 19.3,
    "home_team": "Grizzlys Wolfsburg",
    "away_team": "Nürnberg Ice Tigers",
    "distance": 463,
    "season": "22-23",
    "datetime": "2022-10-18 19:30:00",
    "ticket_count": 252,
    "gross_revenue": 3813,
    "season_tickets_sold": 978,
    "season_tickets_revenue": 328504,
    "total_season_tickets": 71796,
    "total_season_revenue": 1640176.9
  },
  {
    "spieltag": 14,
    "date": "2022-10-23",
    "weekday": "Sunday",
    "time": 14,
    "home_team": "Grizzlys Wolfsburg",
    "away_team": "Pinguins Bremerhaven",
    "distance": 252,
    "season": "22-23",
    "datetime": "2022-10-23 14:00:00",
    "ticket_count": 1253,
    "gross_revenue": 22158,
    "season_tickets_sold": 978,
    "season_tickets_revenue": 328504,
    "total_season_tickets": 71796,
    "total_season_revenue": 1640176.9
  },
  {
    "spieltag": 17,
    "date": "2022-10-30",
    "weekday": "Sunday",
    "time": 16.3,
    "home_team": "Grizzlys Wolfsburg",
    "away_team": "SC Bietigheim Steelers",
    "distance": 517,
    "season": "22-23",
    "datetime": "2022-10-30 16:30:00",
    "ticket_count": 1707,
    "gross_revenue": 22918,
    "season_tickets_sold": 978,
    "season_tickets_revenue": 328504,
    "total_season_tickets": 71796,
    "total_season_revenue": 1640176.9
  },
  {
    "spieltag": 19,
    "date": "2022-11-04",
    "weekday": "Friday",
    "time": 19.3,
    "home_team": "Grizzlys Wolfsburg",
    "away_team": "Löwen Frankfurt",
    "distance": 369,
    "season": "22-23",
    "datetime": "2022-11-04 19:30:00",
    "ticket_count": 1124,
    "gross_revenue": 21524.5,
    "season_tickets_sold": 978,
    "season_tickets_revenue": 328504,
    "total_season_tickets": 71796,
    "total_season_revenue": 1640176.9
  },
  {
    "spieltag": 21,
    "date": "2022-11-18",
    "weekday": "Friday",
    "time": 19.3,
    "home_team": "Grizzlys Wolfsburg",
    "away_team": "Eisbären Berlin",
    "distance": 228,
    "season": "22-23",
    "datetime": "2022-11-18 19:30:00",
    "ticket_count": 1027,
    "gross_revenue": 20012,
    "season_tickets_sold": 978,
    "season_tickets_revenue": 328504,
    "total_season_tickets": 71796,
    "total_season_revenue": 1640176.9
  },
  {
    "spieltag": 23,
    "date": "2022-11-25",
    "weekday": "Friday",
    "time": 19.3,
    "home_team": "Grizzlys Wolfsburg",
    "away_team": "Iserlohn Roosters",
    "distance": 304,
    "season": "22-23",
    "datetime": "2022-11-25 19:30:00",
    "ticket_count": 1125,
    "gross_revenue": 19712.5,
    "season_tickets_sold": 978,
    "season_tickets_revenue": 328504,
    "total_season_tickets": 71796,
    "total_season_revenue": 1640176.9
  },
  {
    "spieltag": 26,
    "date": "2022-12-02",
    "weekday": "Friday",
    "time": 19.3,
    "home_team": "Grizzlys Wolfsburg",
    "away_team": "SC Bietigheim Steelers",
    "distance": 517,
    "season": "22-23",
    "datetime": "2022-12-02 19:30:00",
    "ticket_count": 1078,
    "gross_revenue": 17960,
    "season_tickets_sold": 978,
    "season_tickets_revenue": 328504,
    "total_season_tickets": 71796,
    "total_season_revenue": 1640176.9
  },
  {
    "spieltag": 28,
    "date": "2022-12-08",
    "weekday": "Thursday",
    "time": 19.3,
    "home_team": "Grizzlys Wolfsburg",
    "away_team": "EHC Red Bull München",
    "distance": 600,
    "season": "22-23",
    "datetime": "2022-12-08 19:30:00",
    "ticket_count": 920,
    "gross_revenue": 21239.8,
    "season_tickets_sold": 978,
    "season_tickets_revenue": 328504,
    "total_season_tickets": 71796,
    "total_season_revenue": 1640176.9
  },
  {
    "spieltag": 30,
    "date": "2022-12-13",
    "weekday": "Tuesday",
    "time": 19.3,
    "home_team": "Grizzlys Wolfsburg",
    "away_team": "Schwenninger Wild Wings",
    "distance": 638,
    "season": "22-23",
    "datetime": "2022-12-13 19:30:00",
    "ticket_count": 540,
    "gross_revenue": 14206.2,
    "season_tickets_sold": 978,
    "season_tickets_revenue": 328504,
    "total_season_tickets": 71796,
    "total_season_revenue": 1640176.9
  },
  {
    "spieltag": 32,
    "date": "2022-12-18",
    "weekday": "Sunday",
    "time": 16.3,
    "home_team": "Grizzlys Wolfsburg",
    "away_team": "Adler Mannheim",
    "distance": 442,
    "season": "22-23",
    "datetime": "2022-12-18 16:30:00",
    "ticket_count": 1462,
    "gross_revenue": 27484,
    "season_tickets_sold": 978,
    "season_tickets_revenue": 328504,
    "total_season_tickets": 71796,
    "total_season_revenue": 1640176.9
  },
  {
    "spieltag": 33,
    "date": "2022-12-21",
    "weekday": "Wednesday",
    "time": 19.3,
    "home_team": "Grizzlys Wolfsburg",
    "away_team": "Eisbären Berlin",
    "distance": 228,
    "season": "22-23",
    "datetime": "2022-12-21 19:30:00",
    "ticket_count": 2188,
    "gross_revenue": 41957.9,
    "season_tickets_sold": 978,
    "season_tickets_revenue": 328504,
    "total_season_tickets": 71796,
    "total_season_revenue": 1640176.9
  },
  {
    "spieltag": 35,
    "date": "2022-12-26",
    "weekday": "Monday",
    "time": 16.3,
    "home_team": "Grizzlys Wolfsburg",
    "away_team": "Kölner Haie",
    "distance": 376,
    "season": "22-23",
    "datetime": "2022-12-26 16:30:00",
    "ticket_count": 2263,
    "gross_revenue": 45987,
    "season_tickets_sold": 978,
    "season_tickets_revenue": 328504,
    "total_season_tickets": 71796,
    "total_season_revenue": 1640176.9
  },
  {
    "spieltag": 36,
    "date": "2022-12-28",
    "weekday": "Wednesday",
    "time": 19.3,
    "home_team": "Grizzlys Wolfsburg",
    "away_team": "ERC Ingolstadt",
    "distance": 526,
    "season": "22-23",
    "datetime": "2022-12-28 19:30:00",
    "ticket_count": 2597,
    "gross_revenue": 50441,
    "season_tickets_sold": 978,
    "season_tickets_revenue": 328504,
    "total_season_tickets": 71796,
    "total_season_revenue": 1640176.9
  },
  {
    "spieltag": 38,
    "date": "2023-01-02",
    "weekday": "Monday",
    "time": 19.3,
    "home_team": "Grizzlys Wolfsburg",
    "away_team": "Augsburger Panther",
    "distance": 588,
    "season": "22-23",
    "datetime": "2023-01-02 19:30:00",
    "ticket_count": 1170,
    "gross_revenue": 20574,
    "season_tickets_sold": 978,
    "season_tickets_revenue": 328504,
    "total_season_tickets": 71796,
    "total_season_revenue": 1640176.9
  },
  {
    "spieltag": 41,
    "date": "2023-01-08",
    "weekday": "Sunday",
    "time": 14,
    "home_team": "Grizzlys Wolfsburg",
    "away_team": "Iserlohn Roosters",
    "distance": 304,
    "season": "22-23",
    "datetime": "2023-01-08 14:00:00",
    "ticket_count": 1951,
    "gross_revenue": 32695.5,
    "season_tickets_sold": 978,
    "season_tickets_revenue": 328504,
    "total_season_tickets": 71796,
    "total_season_revenue": 1640176.9
  },
  {
    "spieltag": 44,
    "date": "2023-01-20",
    "weekday": "Friday",
    "time": 19.3,
    "home_team": "Grizzlys Wolfsburg",
    "away_team": "Straubing Tigers",
    "distance": 560,
    "season": "22-23",
    "datetime": "2023-01-20 19:30:00",
    "ticket_count": 1165,
    "gross_revenue": 22199,
    "season_tickets_sold": 978,
    "season_tickets_revenue": 328504,
    "total_season_tickets": 71796,
    "total_season_revenue": 1640176.9
  },
  {
    "spieltag": 47,
    "date": "2023-01-27",
    "weekday": "Friday",
    "time": 19.3,
    "home_team": "Grizzlys Wolfsburg",
    "away_team": "ERC Ingolstadt",
    "distance": 526,
    "season": "22-23",
    "datetime": "2023-01-27 19:30:00",
    "ticket_count": 1571,
    "gross_revenue": 29069.5,
    "season_tickets_sold": 978,
    "season_tickets_revenue": 328504,
    "total_season_tickets": 71796,
    "total_season_revenue": 1640176.9
  },
  {
    "spieltag": 49,
    "date": "2023-02-03",
    "weekday": "Friday",
    "time": 19.3,
    "home_team": "Grizzlys Wolfsburg",
    "away_team": "Kölner Haie",
    "distance": 376,
    "season": "22-23",
    "datetime": "2023-02-03 19:30:00",
    "ticket_count": 2068,
    "gross_revenue": 39064,
    "season_tickets_sold": 978,
    "season_tickets_revenue": 328504,
    "total_season_tickets": 71796,
    "total_season_revenue": 1640176.9
  },
  {
    "spieltag": 52,
    "date": "2023-02-15",
    "weekday": "Wednesday",
    "time": 19.3,
    "home_team": "Grizzlys Wolfsburg",
    "away_team": "Düsseldorfer EG",
    "distance": 367,
    "season": "22-23",
    "datetime": "2023-02-15 19:30:00",
    "ticket_count": 1980,
    "gross_revenue": 16222,
    "season_tickets_sold": 978,
    "season_tickets_revenue": 328504,
    "total_season_tickets": 71796,
    "total_season_revenue": 1640176.9
  },
  {
    "spieltag": 54,
    "date": "2023-02-19",
    "weekday": "Sunday",
    "time": 16.3,
    "home_team": "Grizzlys Wolfsburg",
    "away_team": "Eisbären Berlin",
    "distance": 228,
    "season": "22-23",
    "datetime": "2023-02-19 16:30:00",
    "ticket_count": 3492,
    "gross_revenue": 65254,
    "season_tickets_sold": 978,
    "season_tickets_revenue": 328504,
    "total_season_tickets": 71796,
    "total_season_revenue": 1640176.9
  },
  {
    "spieltag": 57,
    "date": "2023-02-26",
    "weekday": "Sunday",
    "time": 16.3,
    "home_team": "Grizzlys Wolfsburg",
    "away_team": "Adler Mannheim",
    "distance": 442,
    "season": "22-23",
    "datetime": "2023-02-26 16:30:00",
    "ticket_count": 2367,
    "gross_revenue": 41539,
    "season_tickets_sold": 978,
    "season_tickets_revenue": 328504,
    "total_season_tickets": 71796,
    "total_season_revenue": 1640176.9
  },
  {
    "spieltag": 59,
    "date": "2023-03-03",
    "weekday": "Friday",
    "time": 19.3,
    "home_team": "Grizzlys Wolfsburg",
    "away_team": "Düsseldorfer EG",
    "distance": 367,
    "season": "22-23",
    "datetime": "2023-03-03 19:30:00",
    "ticket_count": 2537,
    "gross_revenue": 43029.5,
    "season_tickets_sold": 978,
    "season_tickets_revenue": 328504,
    "total_season_tickets": 71796,
    "total_season_revenue": 1640176.9
  },
  {
    "spieltag": 1,
    "date": "2023-09-15",
    "weekday": "Friday",
    "time": 19.3,
    "home_team": "Grizzlys Wolfsburg",
    "away_team": "Augsburger Panther",
    "distance": 588,
    "season": "23-24",
    "datetime": "2023-09-15 19:03:00",
    "ticket_count": 1624,
    "gross_revenue": 31208.5,
    "season_tickets_sold": 1093,
    "season_tickets_revenue": 372400,
    "total_season_tickets": 56215,
    "total_season_revenue": 1568768.82
  },
  {
    "spieltag": 3,
    "date": "2023-09-22",
    "weekday": "Friday",
    "time": 19.3,
    "home_team": "Grizzlys Wolfsburg",
    "away_team": "Straubing Tigers",
    "distance": 560,
    "season": "23-24",
    "datetime": "2023-09-22 19:03:00",
    "ticket_count": 1127,
    "gross_revenue": 21390,
    "season_tickets_sold": 1093,
    "season_tickets_revenue": 372400,
    "total_season_tickets": 56215,
    "total_season_revenue": 1568768.82
  },
  {
    "spieltag": 6,
    "date": "2023-10-01",
    "weekday": "Sunday",
    "time": 16.3,
    "home_team": "Grizzlys Wolfsburg",
    "away_team": "Iserlohn Roosters",
    "distance": 304,
    "season": "23-24",
    "datetime": "2023-10-01 16:03:00",
    "ticket_count": 1906,
    "gross_revenue": 35212.5,
    "season_tickets_sold": 1093,
    "season_tickets_revenue": 372400,
    "total_season_tickets": 56215,
    "total_season_revenue": 1568768.82
  },
  {
    "spieltag": 8,
    "date": "2023-10-06",
    "weekday": "Friday",
    "time": 19.3,
    "home_team": "Grizzlys Wolfsburg",
    "away_team": "Adler Mannheim",
    "distance": 442,
    "season": "23-24",
    "datetime": "2023-10-06 19:03:00",
    "ticket_count": 1429,
    "gross_revenue": 30103.5,
    "season_tickets_sold": 1093,
    "season_tickets_revenue": 372400,
    "total_season_tickets": 56215,
    "total_season_revenue": 1568768.82
  },
  {
    "spieltag": 9,
    "date": "2023-10-08",
    "weekday": "Sunday",
    "time": 14,
    "home_team": "Grizzlys Wolfsburg",
    "away_team": "Eisbären Berlin",
    "distance": 228,
    "season": "23-24",
    "datetime": "2023-10-08 14:00:00",
    "ticket_count": 2412,
    "gross_revenue": 57645.59,
    "season_tickets_sold": 1093,
    "season_tickets_revenue": 372400,
    "total_season_tickets": 56215,
    "total_season_revenue": 1568768.82
  },
  {
    "spieltag": 11,
    "date": "2023-10-15",
    "weekday": "Sunday",
    "time": 16.3,
    "home_team": "Grizzlys Wolfsburg",
    "away_team": "Löwen Frankfurt",
    "distance": 369,
    "season": "23-24",
    "datetime": "2023-10-15 16:03:00",
    "ticket_count": 1202,
    "gross_revenue": 22888,
    "season_tickets_sold": 1093,
    "season_tickets_revenue": 372400,
    "total_season_tickets": 56215,
    "total_season_revenue": 1568768.82
  },
  {
    "spieltag": 12,
    "date": "2023-10-20",
    "weekday": "Friday",
    "time": 19.3,
    "home_team": "Grizzlys Wolfsburg",
    "away_team": "Kölner Haie",
    "distance": 376,
    "season": "23-24",
    "datetime": "2023-10-20 19:03:00",
    "ticket_count": 1677,
    "gross_revenue": 37088,
    "season_tickets_sold": 1093,
    "season_tickets_revenue": 372400,
    "total_season_tickets": 56215,
    "total_season_revenue": 1568768.82
  },
  {
    "spieltag": 15,
    "date": "2023-10-29",
    "weekday": "Sunday",
    "time": 19,
    "home_team": "Grizzlys Wolfsburg",
    "away_team": "Iserlohn Roosters",
    "distance": 304,
    "season": "23-24",
    "datetime": "2023-10-29 19:00:00",
    "ticket_count": 1910,
    "gross_revenue": 28302.5,
    "season_tickets_sold": 1093,
    "season_tickets_revenue": 372400,
    "total_season_tickets": 56215,
    "total_season_revenue": 1568768.82
  },
  {
    "spieltag": 18,
    "date": "2023-11-05",
    "weekday": "Sunday",
    "time": 14,
    "home_team": "Grizzlys Wolfsburg",
    "away_team": "Löwen Frankfurt",
    "distance": 369,
    "season": "23-24",
    "datetime": "2023-11-05 14:00:00",
    "ticket_count": 1642,
    "gross_revenue": 28977.5,
    "season_tickets_sold": 1093,
    "season_tickets_revenue": 372400,
    "total_season_tickets": 56215,
    "total_season_revenue": 1568768.82
  },
  {
    "spieltag": 19,
    "date": "2023-11-16",
    "weekday": "Thursday",
    "time": 18,
    "home_team": "Grizzlys Wolfsburg",
    "away_team": "Schwenninger Wild Wings",
    "distance": 638,
    "season": "23-24",
    "datetime": "2023-11-16 18:00:00",
    "ticket_count": 1161,
    "gross_revenue": 23914,
    "season_tickets_sold": 1093,
    "season_tickets_revenue": 372400,
    "total_season_tickets": 56215,
    "total_season_revenue": 1568768.82
  },
  {
    "spieltag": 23,
    "date": "2023-12-01",
    "weekday": "Friday",
    "time": 19.3,
    "home_team": "Grizzlys Wolfsburg",
    "away_team": "Augsburger Panther",
    "distance": 588,
    "season": "23-24",
    "datetime": "2023-12-01 19:03:00",
    "ticket_count": 1547,
    "gross_revenue": 30982.5,
    "season_tickets_sold": 1093,
    "season_tickets_revenue": 372400,
    "total_season_tickets": 56215,
    "total_season_revenue": 1568768.82
  },
  {
    "spieltag": 26,
    "date": "2023-12-10",
    "weekday": "Sunday",
    "time": 14,
    "home_team": "Grizzlys Wolfsburg",
    "away_team": "Pinguins Bremerhaven",
    "distance": 252,
    "season": "23-24",
    "datetime": "2023-12-10 14:00:00",
    "ticket_count": 2324,
    "gross_revenue": 54003.76,
    "season_tickets_sold": 1093,
    "season_tickets_revenue": 372400,
    "total_season_tickets": 56215,
    "total_season_revenue": 1568768.82
  },
  {
    "spieltag": 27,
    "date": "2023-12-15",
    "weekday": "Friday",
    "time": 19.3,
    "home_team": "Grizzlys Wolfsburg",
    "away_team": "Nürnberg Ice Tigers",
    "distance": 463,
    "season": "23-24",
    "datetime": "2023-12-15 19:03:00",
    "ticket_count": 1297,
    "gross_revenue": 29694.5,
    "season_tickets_sold": 1093,
    "season_tickets_revenue": 372400,
    "total_season_tickets": 56215,
    "total_season_revenue": 1568768.82
  },
  {
    "spieltag": 28,
    "date": "2023-12-17",
    "weekday": "Sunday",
    "time": 19,
    "home_team": "Grizzlys Wolfsburg",
    "away_team": "ERC Ingolstadt",
    "distance": 526,
    "season": "23-24",
    "datetime": "2023-12-17 19:00:00",
    "ticket_count": 1233,
    "gross_revenue": 25545.76,
    "season_tickets_sold": 1093,
    "season_tickets_revenue": 372400,
    "total_season_tickets": 56215,
    "total_season_revenue": 1568768.82
  },
  {
    "spieltag": 30,
    "date": "2023-12-23",
    "weekday": "Saturday",
    "time": 16.3,
    "home_team": "Grizzlys Wolfsburg",
    "away_team": "Adler Mannheim",
    "distance": 442,
    "season": "23-24",
    "datetime": "2023-12-23 16:03:00",
    "ticket_count": 2524,
    "gross_revenue": 57317,
    "season_tickets_sold": 1093,
    "season_tickets_revenue": 372400,
    "total_season_tickets": 56215,
    "total_season_revenue": 1568768.82
  },
  {
    "spieltag": 32,
    "date": "2023-12-28",
    "weekday": "Thursday",
    "time": 19.3,
    "home_team": "Grizzlys Wolfsburg",
    "away_team": "EHC Red Bull München",
    "distance": 600,
    "season": "23-24",
    "datetime": "2023-12-28 19:03:00",
    "ticket_count": 2790,
    "gross_revenue": 63248.09,
    "season_tickets_sold": 1093,
    "season_tickets_revenue": 372400,
    "total_season_tickets": 56215,
    "total_season_revenue": 1568768.82
  },
  {
    "spieltag": 36,
    "date": "2024-01-07",
    "weekday": "Sunday",
    "time": 14,
    "home_team": "Grizzlys Wolfsburg",
    "away_team": "Düsseldorfer EG",
    "distance": 367,
    "season": "23-24",
    "datetime": "2024-01-07 14:00:00",
    "ticket_count": 2375,
    "gross_revenue": 41548.5,
    "season_tickets_sold": 1093,
    "season_tickets_revenue": 372400,
    "total_season_tickets": 56215,
    "total_season_revenue": 1568768.82
  },
  {
    "spieltag": 38,
    "date": "2024-01-14",
    "weekday": "Sunday",
    "time": 19,
    "home_team": "Grizzlys Wolfsburg",
    "away_team": "Straubing Tigers",
    "distance": 560,
    "season": "23-24",
    "datetime": "2024-01-14 19:00:00",
    "ticket_count": 1117,
    "gross_revenue": 25706.5,
    "season_tickets_sold": 1093,
    "season_tickets_revenue": 372400,
    "total_season_tickets": 56215,
    "total_season_revenue": 1568768.82
  },
  {
    "spieltag": 39,
    "date": "2024-01-19",
    "weekday": "Friday",
    "time": 19.3,
    "home_team": "Grizzlys Wolfsburg",
    "away_team": "Schwenninger Wild Wings",
    "distance": 638,
    "season": "23-24",
    "datetime": "2024-01-19 19:03:00",
    "ticket_count": 1397,
    "gross_revenue": 25344.5,
    "season_tickets_sold": 1093,
    "season_tickets_revenue": 372400,
    "total_season_tickets": 56215,
    "total_season_revenue": 1568768.82
  },
  {
    "spieltag": 41,
    "date": "2024-01-26",
    "weekday": "Friday",
    "time": 19.3,
    "home_team": "Grizzlys Wolfsburg",
    "away_team": "Eisbären Berlin",
    "distance": 228,
    "season": "23-24",
    "datetime": "2024-01-26 19:03:00",
    "ticket_count": 2432,
    "gross_revenue": 61437,
    "season_tickets_sold": 1093,
    "season_tickets_revenue": 372400,
    "total_season_tickets": 56215,
    "total_season_revenue": 1568768.82
  },
  {
    "spieltag": 43,
    "date": "2024-02-02",
    "weekday": "Friday",
    "time": 19.3,
    "home_team": "Grizzlys Wolfsburg",
    "away_team": "ERC Ingolstadt",
    "distance": 526,
    "season": "23-24",
    "datetime": "2024-02-02 19:03:00",
    "ticket_count": 1455,
    "gross_revenue": 30981.5,
    "season_tickets_sold": 1093,
    "season_tickets_revenue": 372400,
    "total_season_tickets": 56215,
    "total_season_revenue": 1568768.82
  },
  {
    "spieltag": 44,
    "date": "2024-02-04",
    "weekday": "Sunday",
    "time": 16.3,
    "home_team": "Grizzlys Wolfsburg",
    "away_team": "EHC Red Bull München",
    "distance": 600,
    "season": "23-24",
    "datetime": "2024-02-04 16:03:00",
    "ticket_count": 1825,
    "gross_revenue": 39458.76,
    "season_tickets_sold": 1093,
    "season_tickets_revenue": 372400,
    "total_season_tickets": 56215,
    "total_season_revenue": 1568768.82
  },
  {
    "spieltag": 47,
    "date": "2024-02-18",
    "weekday": "Sunday",
    "time": 14,
    "home_team": "Grizzlys Wolfsburg",
    "away_team": "Pinguins Bremerhaven",
    "distance": 252,
    "season": "23-24",
    "datetime": "2024-02-18 14:00:00",
    "ticket_count": 2755,
    "gross_revenue": 61270,
    "season_tickets_sold": 1093,
    "season_tickets_revenue": 372400,
    "total_season_tickets": 56215,
    "total_season_revenue": 1568768.82
  },
  {
    "spieltag": 50,
    "date": "2024-03-01",
    "weekday": "Friday",
    "time": 19.3,
    "home_team": "Grizzlys Wolfsburg",
    "away_team": "Kölner Haie",
    "distance": 376,
    "season": "23-24",
    "datetime": "2024-03-01 19:03:00",
    "ticket_count": 2600,
    "gross_revenue": 56451.02,
    "season_tickets_sold": 1093,
    "season_tickets_revenue": 372400,
    "total_season_tickets": 56215,
    "total_season_revenue": 1568768.82
  },
  {
    "spieltag": 51,
    "date": "2024-03-03",
    "weekday": "Sunday",
    "time": 14,
    "home_team": "Grizzlys Wolfsburg",
    "away_team": "Nürnberg Ice Tigers",
    "distance": 463,
    "season": "23-24",
    "datetime": "2024-03-03 14:00:00",
    "ticket_count": 2183,
    "gross_revenue": 46467.76,
    "season_tickets_sold": 1093,
    "season_tickets_revenue": 372400,
    "total_season_tickets": 56215,
    "total_season_revenue": 1568768.82
  },
  {
    "spieltag": 2,
    "date": "2024-09-22",
    "weekday": "Sunday",
    "time": 16.3,
    "home_team": "Grizzlys Wolfsburg",
    "away_team": "Düsseldorfer EG",
    "distance": 367,
    "season": "24-25",
    "datetime": "2024-09-22 16:30:00",
    "ticket_count": 1944,
    "gross_revenue": 32649.5,
    "season_tickets_sold": 1144,
    "season_tickets_revenue": 428163,
    "total_season_tickets": 47118,
    "total_season_revenue": 1434539.12
  },
  {
    "spieltag": 3,
    "date": "2024-09-27",
    "weekday": "Friday",
    "time": 19.3,
    "home_team": "Grizzlys Wolfsburg",
    "away_team": "Iserlohn Roosters",
    "distance": 304,
    "season": "24-25",
    "datetime": "2024-09-27 19:30:00",
    "ticket_count": 1439,
    "gross_revenue": 26565.5,
    "season_tickets_sold": 1144,
    "season_tickets_revenue": 428163,
    "total_season_tickets": 47118,
    "total_season_revenue": 1434539.12
  },
  {
    "spieltag": 6,
    "date": "2024-10-04",
    "weekday": "Friday",
    "time": 19.3,
    "home_team": "Grizzlys Wolfsburg",
    "away_team": "Schwenninger Wild Wings",
    "distance": 638,
    "season": "24-25",
    "datetime": "2024-10-04 19:30:00",
    "ticket_count": 1466,
    "gross_revenue": 28998.5,
    "season_tickets_sold": 1144,
    "season_tickets_revenue": 428163,
    "total_season_tickets": 47118,
    "total_season_revenue": 1434539.12
  },
  {
    "spieltag": 9,
    "date": "2024-10-13",
    "weekday": "Sunday",
    "time": 16.3,
    "home_team": "Grizzlys Wolfsburg",
    "away_team": "Adler Mannheim",
    "distance": 442,
    "season": "24-25",
    "datetime": "2024-10-13 16:30:00",
    "ticket_count": 1683,
    "gross_revenue": 37615,
    "season_tickets_sold": 1144,
    "season_tickets_revenue": 428163,
    "total_season_tickets": 47118,
    "total_season_revenue": 1434539.12
  },
  {
    "spieltag": 11,
    "date": "2024-10-20",
    "weekday": "Sunday",
    "time": 14,
    "home_team": "Grizzlys Wolfsburg",
    "away_team": "Eisbären Berlin",
    "distance": 228,
    "season": "24-25",
    "datetime": "2024-10-20 14:00:00",
    "ticket_count": 2712,
    "gross_revenue": 66873.5,
    "season_tickets_sold": 1144,
    "season_tickets_revenue": 428163,
    "total_season_tickets": 47118,
    "total_season_revenue": 1434539.12
  },
  {
    "spieltag": 14,
    "date": "2024-10-31",
    "weekday": "Thursday",
    "time": 14,
    "home_team": "Grizzlys Wolfsburg",
    "away_team": "Adler Mannheim",
    "distance": 442,
    "season": "24-25",
    "datetime": "2024-10-31 14:00:00",
    "ticket_count": 1926,
    "gross_revenue": 42202.36,
    "season_tickets_sold": 1144,
    "season_tickets_revenue": 428163,
    "total_season_tickets": 47118,
    "total_season_revenue": 1434539.12
  },
  {
    "spieltag": 17,
    "date": "2024-11-17",
    "weekday": "Sunday",
    "time": 14,
    "home_team": "Grizzlys Wolfsburg",
    "away_team": "Schwenninger Wild Wings",
    "distance": 638,
    "season": "24-25",
    "datetime": "2024-11-17 14:00:00",
    "ticket_count": 2151,
    "gross_revenue": 33153,
    "season_tickets_sold": 1144,
    "season_tickets_revenue": 428163,
    "total_season_tickets": 47118,
    "total_season_revenue": 1434539.12
  },
  {
    "spieltag": 18,
    "date": "2024-11-21",
    "weekday": "Thursday",
    "time": 19.3,
    "home_team": "Grizzlys Wolfsburg",
    "away_team": "Augsburger Panther",
    "distance": 588,
    "season": "24-25",
    "datetime": "2024-11-21 19:30:00",
    "ticket_count": 901,
    "gross_revenue": 20183.5,
    "season_tickets_sold": 1144,
    "season_tickets_revenue": 428163,
    "total_season_tickets": 47118,
    "total_season_revenue": 1434539.12
  },
  {
    "spieltag": 20,
    "date": "2024-11-27",
    "weekday": "Wednesday",
    "time": 18,
    "home_team": "Grizzlys Wolfsburg",
    "away_team": "Düsseldorfer EG",
    "distance": 367,
    "season": "24-25",
    "datetime": "2024-11-27 18:00:00",
    "ticket_count": 1305,
    "gross_revenue": 17397.5,
    "season_tickets_sold": 1144,
    "season_tickets_revenue": 428163,
    "total_season_tickets": 47118,
    "total_season_revenue": 1434539.12
  },
  {
    "spieltag": 21,
    "date": "2024-11-29",
    "weekday": "Friday",
    "time": 19.3,
    "home_team": "Grizzlys Wolfsburg",
    "away_team": "Kölner Haie",
    "distance": 376,
    "season": "24-25",
    "datetime": "2024-11-29 19:30:00",
    "ticket_count": 1618,
    "gross_revenue": 37069.5,
    "season_tickets_sold": 1144,
    "season_tickets_revenue": 428163,
    "total_season_tickets": 47118,
    "total_season_revenue": 1434539.12
  },
  {
    "spieltag": 23,
    "date": "2024-12-06",
    "weekday": "Friday",
    "time": 13,
    "home_team": "Grizzlys Wolfsburg",
    "away_team": "EHC Red Bull München",
    "distance": 600,
    "season": "24-25",
    "datetime": "2024-12-06 13:00:00",
    "ticket_count": 1339,
    "gross_revenue": 29647.5,
    "season_tickets_sold": 1144,
    "season_tickets_revenue": 428163,
    "total_season_tickets": 47118,
    "total_season_revenue": 1434539.12
  },
  {
    "spieltag": 25,
    "date": "2024-12-13",
    "weekday": "Friday",
    "time": 19.3,
    "home_team": "Grizzlys Wolfsburg",
    "away_team": "Nürnberg Ice Tigers",
    "distance": 463,
    "season": "24-25",
    "datetime": "2024-12-13 19:30:00",
    "ticket_count": 1252,
    "gross_revenue": 26348.46,
    "season_tickets_sold": 1144,
    "season_tickets_revenue": 428163,
    "total_season_tickets": 47118,
    "total_season_revenue": 1434539.12
  },
  {
    "spieltag": 27,
    "date": "2024-12-18",
    "weekday": "Wednesday",
    "time": 19.3,
    "home_team": "Grizzlys Wolfsburg",
    "away_team": "ERC Ingolstadt",
    "distance": 526,
    "season": "24-25",
    "datetime": "2024-12-18 19:30:00",
    "ticket_count": 1006,
    "gross_revenue": 22019.1,
    "season_tickets_sold": 1144,
    "season_tickets_revenue": 428163,
    "total_season_tickets": 47118,
    "total_season_revenue": 1434539.12
  },
  {
    "spieltag": 29,
    "date": "2024-12-22",
    "weekday": "Sunday",
    "time": 14,
    "home_team": "Grizzlys Wolfsburg",
    "away_team": "Löwen Frankfurt",
    "distance": 369,
    "season": "24-25",
    "datetime": "2024-12-22 14:00:00",
    "ticket_count": 2265,
    "gross_revenue": 54654.5,
    "season_tickets_sold": 1144,
    "season_tickets_revenue": 428163,
    "total_season_tickets": 47118,
    "total_season_revenue": 1434539.12
  },
  {
    "spieltag": 30,
    "date": "2024-12-26",
    "weekday": "Thursday",
    "time": 16.3,
    "home_team": "Grizzlys Wolfsburg",
    "away_team": "Eisbären Berlin",
    "distance": 228,
    "season": "24-25",
    "datetime": "2024-12-26 16:30:00",
    "ticket_count": 2840,
    "gross_revenue": 77620.5,
    "season_tickets_sold": 1144,
    "season_tickets_revenue": 428163,
    "total_season_tickets": 47118,
    "total_season_revenue": 1434539.12
  },
  {
    "spieltag": 34,
    "date": "2025-01-05",
    "weekday": "Sunday",
    "time": 16.3,
    "home_team": "Grizzlys Wolfsburg",
    "away_team": "Straubing Tigers",
    "distance": 560,
    "season": "24-25",
    "datetime": "2025-01-05 16:30:00",
    "ticket_count": 1887,
    "gross_revenue": 39436.5,
    "season_tickets_sold": 1144,
    "season_tickets_revenue": 428163,
    "total_season_tickets": 47118,
    "total_season_revenue": 1434539.12
  },
  {
    "spieltag": 36,
    "date": "2025-01-12",
    "weekday": "Sunday",
    "time": 14,
    "home_team": "Grizzlys Wolfsburg",
    "away_team": "Pinguins Bremerhaven",
    "distance": 252,
    "season": "24-25",
    "datetime": "2025-01-12 14:00:00",
    "ticket_count": 2474,
    "gross_revenue": 57268,
    "season_tickets_sold": 1144,
    "season_tickets_revenue": 428163,
    "total_season_tickets": 47118,
    "total_season_revenue": 1434539.12
  },
  {
    "spieltag": 38,
    "date": "2025-01-19",
    "weekday": "Sunday",
    "time": 16.3,
    "home_team": "Grizzlys Wolfsburg",
    "away_team": "Augsburger Panther",
    "distance": 588,
    "season": "24-25",
    "datetime": "2025-01-19 16:30:00",
    "ticket_count": 1840,
    "gross_revenue": 35346,
    "season_tickets_sold": 1144,
    "season_tickets_revenue": 428163,
    "total_season_tickets": 47118,
    "total_season_revenue": 1434539.12
  },
  {
    "spieltag": 40,
    "date": "2025-01-26",
    "weekday": "Sunday",
    "time": 19,
    "home_team": "Grizzlys Wolfsburg",
    "away_team": "EHC Red Bull München",
    "distance": 600,
    "season": "24-25",
    "datetime": "2025-01-26 19:00:00",
    "ticket_count": 1498,
    "gross_revenue": 33051,
    "season_tickets_sold": 1144,
    "season_tickets_revenue": 428163,
    "total_season_tickets": 47118,
    "total_season_revenue": 1434539.12
  },
  {
    "spieltag": 41,
    "date": "2025-01-28",
    "weekday": "Tuesday",
    "time": 19.3,
    "home_team": "Grizzlys Wolfsburg",
    "away_team": "Löwen Frankfurt",
    "distance": 369,
    "season": "24-25",
    "datetime": "2025-01-28 19:30:00",
    "ticket_count": 1130,
    "gross_revenue": 20074,
    "season_tickets_sold": 1144,
    "season_tickets_revenue": 428163,
    "total_season_tickets": 47118,
    "total_season_revenue": 1434539.12
  },
  {
    "spieltag": 43,
    "date": "2025-02-02",
    "weekday": "Sunday",
    "time": 16.3,
    "home_team": "Grizzlys Wolfsburg",
    "away_team": "Iserlohn Roosters",
    "distance": 304,
    "season": "24-25",
    "datetime": "2025-02-02 16:30:00",
    "ticket_count": 1866,
    "gross_revenue": 38703.1,
    "season_tickets_sold": 1144,
    "season_tickets_revenue": 428163,
    "total_season_tickets": 47118,
    "total_season_revenue": 1434539.12
  },
  {
    "spieltag": 45,
    "date": "2025-02-16",
    "weekday": "Sunday",
    "time": 14,
    "home_team": "Grizzlys Wolfsburg",
    "away_team": "Pinguins Bremerhaven",
    "distance": 252,
    "season": "24-25",
    "datetime": "2025-02-16 14:00:00",
    "ticket_count": 2432,
    "gross_revenue": 62354,
    "season_tickets_sold": 1144,
    "season_tickets_revenue": 428163,
    "total_season_tickets": 47118,
    "total_season_revenue": 1434539.12
  },
  {
    "spieltag": 47,
    "date": "2025-02-21",
    "weekday": "Friday",
    "time": "18.00 VW",
    "home_team": "Grizzlys Wolfsburg",
    "away_team": "ERC Ingolstadt",
    "distance": 526,
    "season": "24-25",
    "datetime": "2025-02-21 18:00:00",
    "ticket_count": 1820,
    "gross_revenue": 40532,
    "season_tickets_sold": 1144,
    "season_tickets_revenue": 428163,
    "total_season_tickets": 47118,
    "total_season_revenue": 1434539.12
  },
  {
    "spieltag": 49,
    "date": "2025-02-28",
    "weekday": "Friday",
    "time": 19.3,
    "home_team": "Grizzlys Wolfsburg",
    "away_team": "Kölner Haie",
    "distance": 376,
    "season": "24-25",
    "datetime": "2025-02-28 19:30:00",
    "ticket_count": 2343,
    "gross_revenue": 56414.6,
    "season_tickets_sold": 1144,
    "season_tickets_revenue": 428163,
    "total_season_tickets": 47118,
    "total_season_revenue": 1434539.12
  },
  {
    "spieltag": 51,
    "date": "2025-03-04",
    "weekday": "Tuesday",
    "time": 19.3,
    "home_team": "Grizzlys Wolfsburg",
    "away_team": "Straubing Tigers",
    "distance": 560,
    "season": "24-25",
    "datetime": "2025-03-04 19:30:00",
    "ticket_count": 1349,
    "gross_revenue": 26046,
    "season_tickets_sold": 1144,
    "season_tickets_revenue": 428163,
    "total_season_tickets": 47118,
    "total_season_revenue": 1434539.12
  }
]