[
  {
    "spieltag": 1,
    "date": "2022-09-16",
    "weekday": "Friday",
    "time": 19.3,
    "home_team": "Home Team",
    "away_team": "Team Alpha",
    "distance": 350,
    "season": "22-23",
    "datetime": "2022-09-16 19:30:00",
    "ticket_count": 1650,
    "gross_revenue": 28500,
    "season_tickets_sold": 1050,
    "season_tickets_revenue": 350000,
    "total_season_tickets": 70000,
    "total_season_revenue": 1700000
  },
  {
    "spieltag": 4,
    "date": "2022-09-25",
    "weekday": "Sunday",
    "time": 16.3,
    "home_team": "Home Team",
    "away_team": "Team Beta",
    "distance": 450,
    "season": "22-23",
    "datetime": "2022-09-25 16:30:00",
    "ticket_count": 1520,
    "gross_revenue": 18000,
    "season_tickets_sold": 1050,
    "season_tickets_revenue": 350000,
    "total_season_tickets": 70000,
    "total_season_revenue": 1700000
  },
  {
    "spieltag": 5,
    "date": "2022-09-27",
    "weekday": "Tuesday",
    "time": 19.3,
    "home_team": "Home Team",
    "away_team": "Team Gamma",
    "distance": 580,
    "season": "22-23",
    "datetime": "2022-09-27 19:30:00",
    "ticket_count": 1100,
    "gross_revenue": 9500,
    "season_tickets_sold": 1050,
    "season_tickets_revenue": 350000,
    "total_season_tickets": 70000,
    "total_season_revenue": 1700000
  },
  {
    "spieltag": 9,
    "date": "2022-10-09",
    "weekday": "Sunday",
    "time": 14,
    "home_team": "Home Team",
    "away_team": "Team Delta",
    "distance": 600,
    "season": "22-23",
    "datetime": "2022-10-09 14:00:00",
    "ticket_count": 1400,
    "gross_revenue": 22000,
    "season_tickets_sold": 1050,
    "season_tickets_revenue": 350000,
    "total_season_tickets": 70000,
    "total_season_revenue": 1700000
  },
  {
    "spieltag": 11,
    "date": "2022-10-16",
    "weekday": "Sunday",
    "time": 19,
    "home_team": "Home Team",
    "away_team": "Team Epsilon",
    "distance": 630,
    "season": "22-23",
    "datetime": "2022-10-16 19:00:00",
    "ticket_count": 1200,
    "gross_revenue": 13000,
    "season_tickets_sold": 1050,
    "season_tickets_revenue": 350000,
    "total_season_tickets": 70000,
    "total_season_revenue": 1700000
  },
  {
    "spieltag": 12,
    "date": "2022-10-18",
    "weekday": "Wednesday",
    "time": 19.3,
    "home_team": "Home Team",
    "away_team": "Team Beta",
    "distance": 450,
    "season": "22-23",
    "datetime": "2022-10-18 19:30:00",
    "ticket_count": 800,
    "gross_revenue": 4200,
    "season_tickets_sold": 1050,
    "season_tickets_revenue": 350000,
    "total_season_tickets": 70000,
    "total_season_revenue": 1700000
  },
  {
    "spieltag": 14,
    "date": "2022-10-23",
    "weekday": "Sunday",
    "time": 14,
    "home_team": "Home Team",
    "away_team": "Team Zeta",
    "distance": 250,
    "season": "22-23",
    "datetime": "2022-10-23 14:00:00",
    "ticket_count": 1300,
    "gross_revenue": 24000,
    "season_tickets_sold": 1050,
    "season_tickets_revenue": 350000,
    "total_season_tickets": 70000,
    "total_season_revenue": 1700000
  },
  {
    "spieltag": 17,
    "date": "2022-10-30",
    "weekday": "Sunday",
    "time": 16.3,
    "home_team": "Home Team",
    "away_team": "Team Eta",
    "distance": 510,
    "season": "22-23",
    "datetime": "2022-10-30 16:30:00",
    "ticket_count": 1750,
    "gross_revenue": 24500,
    "season_tickets_sold": 1050,
    "season_tickets_revenue": 350000,
    "total_season_tickets": 70000,
    "total_season_revenue": 1700000
  },
  {
    "spieltag": 19,
    "date": "2022-11-04",
    "weekday": "Friday",
    "time": 19.3,
    "home_team": "Home Team",
    "away_team": "Team Alpha",
    "distance": 350,
    "season": "22-23",
    "datetime": "2022-11-04 19:30:00",
    "ticket_count": 1180,
    "gross_revenue": 22000,
    "season_tickets_sold": 1050,
    "season_tickets_revenue": 350000,
    "total_season_tickets": 70000,
    "total_season_revenue": 1700000
  },
  {
    "spieltag": 21,
    "date": "2022-11-18",
    "weekday": "Friday",
    "time": 19.3,
    "home_team": "Home Team",
    "away_team": "Team Theta",
    "distance": 220,
    "season": "22-23",
    "datetime": "2022-11-18 19:30:00",
    "ticket_count": 1080,
    "gross_revenue": 21000,
    "season_tickets_sold": 1050,
    "season_tickets_revenue": 350000,
    "total_season_tickets": 70000,
    "total_season_revenue": 1700000
  },
  {
    "spieltag": 23,
    "date": "2022-11-25",
    "weekday": "Friday",
    "time": 19.3,
    "home_team": "Home Team",
    "away_team": "Team Iota",
    "distance": 300,
    "season": "22-23",
    "datetime": "2022-11-25 19:30:00",
    "ticket_count": 1150,
    "gross_revenue": 20000,
    "season_tickets_sold": 1050,
    "season_tickets_revenue": 350000,
    "total_season_tickets": 70000,
    "total_season_revenue": 1700000
  },
  {
    "spieltag": 26,
    "date": "2022-12-02",
    "weekday": "Friday",
    "time": 19.3,
    "home_team": "Home Team",
    "away_team": "Team Eta",
    "distance": 510,
    "season": "22-23",
    "datetime": "2022-12-02 19:30:00",
    "ticket_count": 1120,
    "gross_revenue": 18500,
    "season_tickets_sold": 1050,
    "season_tickets_revenue": 350000,
    "total_season_tickets": 70000,
    "total_season_revenue": 1700000
  },
  {
    "spieltag": 28,
    "date": "2022-12-08",
    "weekday": "Thursday",
    "time": 19.3,
    "home_team": "Home Team",
    "away_team": "Team Delta",
    "distance": 600,
    "season": "22-23",
    "datetime": "2022-12-08 19:30:00",
    "ticket_count": 950,
    "gross_revenue": 21500,
    "season_tickets_sold": 1050,
    "season_tickets_revenue": 350000,
    "total_season_tickets": 70000,
    "total_season_revenue": 1700000
  },
  {
    "spieltag": 30,
    "date": "2022-12-13",
    "weekday": "Tuesday",
    "time": 19.3,
    "home_team": "Home Team",
    "away_team": "Team Epsilon",
    "distance": 630,
    "season": "22-23",
    "datetime": "2022-12-13 19:30:00",
    "ticket_count": 600,
    "gross_revenue": 14500,
    "season_tickets_sold": 1050,
    "season_tickets_revenue": 350000,
    "total_season_tickets": 70000,
    "total_season_revenue": 1700000
  },
  {
    "spieltag": 32,
    "date": "2022-12-18",
    "weekday": "Sunday",
    "time": 16.3,
    "home_team": "Home Team",
    "away_team": "Team Kappa",
    "distance": 440,
    "season": "22-23",
    "datetime": "2022-12-18 16:30:00",
    "ticket_count": 1500,
    "gross_revenue": 28000,
    "season_tickets_sold": 1050,
    "season_tickets_revenue": 350000,
    "total_season_tickets": 70000,
    "total_season_revenue": 1700000
  },
  {
    "spieltag": 33,
    "date": "2022-12-21",
    "weekday": "Wednesday",
    "time": 19.3,
    "home_team": "Home Team",
    "away_team": "Team Theta",
    "distance": 220,
    "season": "22-23",
    "datetime": "2022-12-21 19:30:00",
    "ticket_count": 2250,
    "gross_revenue": 42500,
    "season_tickets_sold": 1050,
    "season_tickets_revenue": 350000,
    "total_season_tickets": 70000,
    "total_season_revenue": 1700000
  },
  {
    "spieltag": 35,
    "date": "2022-12-26",
    "weekday": "Monday",
    "time": 16.3,
    "home_team": "Home Team",
    "away_team": "Team Lambda",
    "distance": 370,
    "season": "22-23",
    "datetime": "2022-12-26 16:30:00",
    "ticket_count": 2300,
    "gross_revenue": 46500,
    "season_tickets_sold": 1050,
    "season_tickets_revenue": 350000,
    "total_season_tickets": 70000,
    "total_season_revenue": 1700000
  },
  {
    "spieltag": 36,
    "date": "2022-12-28",
    "weekday": "Wednesday",
    "time": 19.3,
    "home_team": "Home Team",
    "away_team": "Team Mu",
    "distance": 520,
    "season": "22-23",
    "datetime": "2022-12-28 19:30:00",
    "ticket_count": 2650,
    "gross_revenue": 51000,
    "season_tickets_sold": 1050,
    "season_tickets_revenue": 350000,
    "total_season_tickets": 70000,
    "total_season_revenue": 1700000
  },
  {
    "spieltag": 38,
    "date": "2023-01-02",
    "weekday": "Monday",
    "time": 19.3,
    "home_team": "Home Team",
    "away_team": "Team Gamma",
    "distance": 580,
    "season": "22-23",
    "datetime": "2023-01-02 19:30:00",
    "ticket_count": 1220,
    "gross_revenue": 21000,
    "season_tickets_sold": 1050,
    "season_tickets_revenue": 350000,
    "total_season_tickets": 70000,
    "total_season_revenue": 1700000
  },
  {
    "spieltag": 41,
    "date": "2023-01-08",
    "weekday": "Sunday",
    "time": 14,
    "home_team": "Home Team",
    "away_team": "Team Iota",
    "distance": 300,
    "season": "22-23",
    "datetime": "2023-01-08 14:00:00",
    "ticket_count": 2000,
    "gross_revenue": 33000,
    "season_tickets_sold": 1050,
    "season_tickets_revenue": 350000,
    "total_season_tickets": 70000,
    "total_season_revenue": 1700000
  },
  {
    "spieltag": 44,
    "date": "2023-01-20",
    "weekday": "Friday",
    "time": 19.3,
    "home_team": "Home Team",
    "away_team": "Team Nu",
    "distance": 560,
    "season": "22-23",
    "datetime": "2023-01-20 19:30:00",
    "ticket_count": 1200,
    "gross_revenue": 22500,
    "season_tickets_sold": 1050,
    "season_tickets_revenue": 350000,
    "total_season_tickets": 70000,
    "total_season_revenue": 1700000
  },
  {
    "spieltag": 47,
    "date": "2023-01-27",
    "weekday": "Friday",
    "time": 19.3,
    "home_team": "Home Team",
    "away_team": "Team Mu",
    "distance": 520,
    "season": "22-23",
    "datetime": "2023-01-27 19:30:00",
    "ticket_count": 1620,
    "gross_revenue": 29500,
    "season_tickets_sold": 1050,
    "season_tickets_revenue": 350000,
    "total_season_tickets": 70000,
    "total_season_revenue": 1700000
  },
  {
    "spieltag": 49,
    "date": "2023-02-03",
    "weekday": "Friday",
    "time": 19.3,
    "home_team": "Home Team",
    "away_team": "Team Lambda",
    "distance": 370,
    "season": "22-23",
    "datetime": "2023-02-03 19:30:00",
    "ticket_count": 2100,
    "gross_revenue": 39500,
    "season_tickets_sold": 1050,
    "season_tickets_revenue": 350000,
    "total_season_tickets": 70000,
    "total_season_revenue": 1700000
  },
  {
    "spieltag": 52,
    "date": "2023-02-15",
    "weekday": "Wednesday",
    "time": 19.3,
    "home_team": "Home Team",
    "away_team": "Team Xi",
    "distance": 360,
    "season": "22-23",
    "datetime": "2023-02-15 19:30:00",
    "ticket_count": 2030,
    "gross_revenue": 16500,
    "season_tickets_sold": 1050,
    "season_tickets_revenue": 350000,
    "total_season_tickets": 70000,
    "total_season_revenue": 1700000
  },
  {
    "spieltag": 54,
    "date": "2023-02-19",
    "weekday": "Sunday",
    "time": 16.3,
    "home_team": "Home Team",
    "away_team": "Team Theta",
    "distance": 220,
    "season": "22-23",
    "datetime": "2023-02-19 16:30:00",
    "ticket_count": 3550,
    "gross_revenue": 66000,
    "season_tickets_sold": 1050,
    "season_tickets_revenue": 350000,
    "total_season_tickets": 70000,
    "total_season_revenue": 1700000
  },
  {
    "spieltag": 57,
    "date": "2023-02-26",
    "weekday": "Sunday",
    "time": 16.3,
    "home_team": "Home Team",
    "away_team": "Team Kappa",
    "distance": 440,
    "season": "22-23",
    "datetime": "2023-02-26 16:30:00",
    "ticket_count": 2400,
    "gross_revenue": 42000,
    "season_tickets_sold": 1050,
    "season_tickets_revenue": 350000,
    "total_season_tickets": 70000,
    "total_season_revenue": 1700000
  },
  {
    "spieltag": 59,
    "date": "2023-03-03",
    "weekday": "Friday",
    "time": 19.3,
    "home_team": "Home Team",
    "away_team": "Team Xi",
    "distance": 360,
    "season": "22-23",
    "datetime": "2023-03-03 19:30:00",
    "ticket_count": 2580,
    "gross_revenue": 43500,
    "season_tickets_sold": 1050,
    "season_tickets_revenue": 350000,
    "total_season_tickets": 70000,
    "total_season_revenue": 1700000
  },
  {
    "spieltag": 1,
    "date": "2023-09-15",
    "weekday": "Friday",
    "time": 19.3,
    "home_team": "Home Team",
    "away_team": "Team Gamma",
    "distance": 580,
    "season": "23-24",
    "datetime": "2023-09-15 19:03:00",
    "ticket_count": 1680,
    "gross_revenue": 32000,
    "season_tickets_sold": 1150,
    "season_tickets_revenue": 380000,
    "total_season_tickets": 56000,
    "total_season_revenue": 1570000
  },
  {
    "spieltag": 3,
    "date": "2023-09-22",
    "weekday": "Friday",
    "time": 19.3,
    "home_team": "Home Team",
    "away_team": "Team Nu",
    "distance": 560,
    "season": "23-24",
    "datetime": "2023-09-22 19:03:00",
    "ticket_count": 1180,
    "gross_revenue": 22000,
    "season_tickets_sold": 1150,
    "season_tickets_revenue": 380000,
    "total_season_tickets": 56000,
    "total_season_revenue": 1570000
  },
  {
    "spieltag": 6,
    "date": "2023-10-01",
    "weekday": "Sunday",
    "time": 16.3,
    "home_team": "Home Team",
    "away_team": "Team Iota",
    "distance": 300,
    "season": "23-24",
    "datetime": "2023-10-01 16:03:00",
    "ticket_count": 1950,
    "gross_revenue": 36000,
    "season_tickets_sold": 1150,
    "season_tickets_revenue": 380000,
    "total_season_tickets": 56000,
    "total_season_revenue": 1570000
  },
  {
    "spieltag": 8,
    "date": "2023-10-06",
    "weekday": "Friday",
    "time": 19.3,
    "home_team": "Home Team",
    "away_team": "Team Kappa",
    "distance": 440,
    "season": "23-24",
    "datetime": "2023-10-06 19:03:00",
    "ticket_count": 1480,
    "gross_revenue": 31000,
    "season_tickets_sold": 1150,
    "season_tickets_revenue": 380000,
    "total_season_tickets": 56000,
    "total_season_revenue": 1570000
  },
  {
    "spieltag": 9,
    "date": "2023-10-08",
    "weekday": "Sunday",
    "time": 14,
    "home_team": "Home Team",
    "away_team": "Team Theta",
    "distance": 220,
    "season": "23-24",
    "datetime": "2023-10-08 14:00:00",
    "ticket_count": 2450,
    "gross_revenue": 58000,
    "season_tickets_sold": 1150,
    "season_tickets_revenue": 380000,
    "total_season_tickets": 56000,
    "total_season_revenue": 1570000
  },
  {
    "spieltag": 11,
    "date": "2023-10-15",
    "weekday": "Sunday",
    "time": 16.3,
    "home_team": "Home Team",
    "away_team": "Team Alpha",
    "distance": 350,
    "season": "23-24",
    "datetime": "2023-10-15 16:03:00",
    "ticket_count": 1250,
    "gross_revenue": 23500,
    "season_tickets_sold": 1150,
    "season_tickets_revenue": 380000,
    "total_season_tickets": 56000,
    "total_season_revenue": 1570000
  },
  {
    "spieltag": 12,
    "date": "2023-10-20",
    "weekday": "Friday",
    "time": 19.3,
    "home_team": "Home Team",
    "away_team": "Team Lambda",
    "distance": 370,
    "season": "23-24",
    "datetime": "2023-10-20 19:03:00",
    "ticket_count": 1720,
    "gross_revenue": 37500,
    "season_tickets_sold": 1150,
    "season_tickets_revenue": 380000,
    "total_season_tickets": 56000,
    "total_season_revenue": 1570000
  },
  {
    "spieltag": 15,
    "date": "2023-10-29",
    "weekday": "Sunday",
    "time": 19,
    "home_team": "Home Team",
    "away_team": "Team Iota",
    "distance": 300,
    "season": "23-24",
    "datetime": "2023-10-29 19:00:00",
    "ticket_count": 1960,
    "gross_revenue": 29000,
    "season_tickets_sold": 1150,
    "season_tickets_revenue": 380000,
    "total_season_tickets": 56000,
    "total_season_revenue": 1570000
  },
  {
    "spieltag": 18,
    "date": "2023-11-05",
    "weekday": "Sunday",
    "time": 14,
    "home_team": "Home Team",
    "away_team": "Team Alpha",
    "distance": 350,
    "season": "23-24",
    "datetime": "2023-11-05 14:00:00",
    "ticket_count": 1690,
    "gross_revenue": 29500,
    "season_tickets_sold": 1150,
    "season_tickets_revenue": 380000,
    "total_season_tickets": 56000,
    "total_season_revenue": 1570000
  },
  {
    "spieltag": 19,
    "date": "2023-11-16",
    "weekday": "Thursday",
    "time": 18,
    "home_team": "Home Team",
    "away_team": "Team Epsilon",
    "distance": 630,
    "season": "23-24",
    "datetime": "2023-11-16 18:00:00",
    "ticket_count": 1210,
    "gross_revenue": 24500,
    "season_tickets_sold": 1150,
    "season_tickets_revenue": 380000,
    "total_season_tickets": 56000,
    "total_season_revenue": 1570000
  },
  {
    "spieltag": 23,
    "date": "2023-12-01",
    "weekday": "Friday",
    "time": 19.3,
    "home_team": "Home Team",
    "away_team": "Team Gamma",
    "distance": 580,
    "season": "23-24",
    "datetime": "2023-12-01 19:03:00",
    "ticket_count": 1600,
    "gross_revenue": 31500,
    "season_tickets_sold": 1150,
    "season_tickets_revenue": 380000,
    "total_season_tickets": 56000,
    "total_season_revenue": 1570000
  },
  {
    "spieltag": 26,
    "date": "2023-12-10",
    "weekday": "Sunday",
    "time": 14,
    "home_team": "Home Team",
    "away_team": "Team Zeta",
    "distance": 250,
    "season": "23-24",
    "datetime": "2023-12-10 14:00:00",
    "ticket_count": 2380,
    "gross_revenue": 54500,
    "season_tickets_sold": 1150,
    "season_tickets_revenue": 380000,
    "total_season_tickets": 56000,
    "total_season_revenue": 1570000
  },
  {
    "spieltag": 27,
    "date": "2023-12-15",
    "weekday": "Friday",
    "time": 19.3,
    "home_team": "Home Team",
    "away_team": "Team Beta",
    "distance": 450,
    "season": "23-24",
    "datetime": "2023-12-15 19:03:00",
    "ticket_count": 1350,
    "gross_revenue": 30000,
    "season_tickets_sold": 1150,
    "season_tickets_revenue": 380000,
    "total_season_tickets": 56000,
    "total_season_revenue": 1570000
  },
  {
    "spieltag": 28,
    "date": "2023-12-17",
    "weekday": "Sunday",
    "time": 19,
    "home_team": "Home Team",
    "away_team": "Team Mu",
    "distance": 520,
    "season": "23-24",
    "datetime": "2023-12-17 19:00:00",
    "ticket_count": 1280,
    "gross_revenue": 26000,
    "season_tickets_sold": 1150,
    "season_tickets_revenue": 380000,
    "total_season_tickets": 56000,
    "total_season_revenue": 1570000
  },
  {
    "spieltag": 30,
    "date": "2023-12-23",
    "weekday": "Saturday",
    "time": 16.3,
    "home_team": "Home Team",
    "away_team": "Team Kappa",
    "distance": 440,
    "season": "23-24",
    "datetime": "2023-12-23 16:03:00",
    "ticket_count": 2580,
    "gross_revenue": 57800,
    "season_tickets_sold": 1150,
    "season_tickets_revenue": 380000,
    "total_season_tickets": 56000,
    "total_season_revenue": 1570000
  },
  {
    "spieltag": 32,
    "date": "2023-12-28",
    "weekday": "Thursday",
    "time": 19.3,
    "home_team": "Home Team",
    "away_team": "Team Delta",
    "distance": 600,
    "season": "23-24",
    "datetime": "2023-12-28 19:03:00",
    "ticket_count": 2840,
    "gross_revenue": 63800,
    "season_tickets_sold": 1150,
    "season_tickets_revenue": 380000,
    "total_season_tickets": 56000,
    "total_season_revenue": 1570000
  },
  {
    "spieltag": 36,
    "date": "2024-01-07",
    "weekday": "Sunday",
    "time": 14,
    "home_team": "Home Team",
    "away_team": "Team Xi",
    "distance": 360,
    "season": "23-24",
    "datetime": "2024-01-07 14:00:00",
    "ticket_count": 2420,
    "gross_revenue": 42000,
    "season_tickets_sold": 1150,
    "season_tickets_revenue": 380000,
    "total_season_tickets": 56000,
    "total_season_revenue": 1570000
  },
  {
    "spieltag": 38,
    "date": "2024-01-14",
    "weekday": "Sunday",
    "time": 19,
    "home_team": "Home Team",
    "away_team": "Team Nu",
    "distance": 560,
    "season": "23-24",
    "datetime": "2024-01-14 19:00:00",
    "ticket_count": 1170,
    "gross_revenue": 26200,
    "season_tickets_sold": 1150,
    "season_tickets_revenue": 380000,
    "total_season_tickets": 56000,
    "total_season_revenue": 1570000
  },
  {
    "spieltag": 39,
    "date": "2024-01-19",
    "weekday": "Friday",
    "time": 19.3,
    "home_team": "Home Team",
    "away_team": "Team Epsilon",
    "distance": 630,
    "season": "23-24",
    "datetime": "2024-01-19 19:03:00",
    "ticket_count": 1450,
    "gross_revenue": 26000,
    "season_tickets_sold": 1150,
    "season_tickets_revenue": 380000,
    "total_season_tickets": 56000,
    "total_season_revenue": 1570000
  },
  {
    "spieltag": 41,
    "date": "2024-01-26",
    "weekday": "Friday",
    "time": 19.3,
    "home_team": "Home Team",
    "away_team": "Team Theta",
    "distance": 220,
    "season": "23-24",
    "datetime": "2024-01-26 19:03:00",
    "ticket_count": 2480,
    "gross_revenue": 62000,
    "season_tickets_sold": 1150,
    "season_tickets_revenue": 380000,
    "total_season_tickets": 56000,
    "total_season_revenue": 1570000
  },
  {
    "spieltag": 43,
    "date": "2024-02-02",
    "weekday": "Friday",
    "time": 19.3,
    "home_team": "Home Team",
    "away_team": "Team Mu",
    "distance": 520,
    "season": "23-24",
    "datetime": "2024-02-02 19:03:00",
    "ticket_count": 1500,
    "gross_revenue": 31500,
    "season_tickets_sold": 1150,
    "season_tickets_revenue": 380000,
    "total_season_tickets": 56000,
    "total_season_revenue": 1570000
  },
  {
    "spieltag": 44,
    "date": "2024-02-04",
    "weekday": "Sunday",
    "time": 16.3,
    "home_team": "Home Team",
    "away_team": "Team Delta",
    "distance": 600,
    "season": "23-24",
    "datetime": "2024-02-04 16:03:00",
    "ticket_count": 1880,
    "gross_revenue": 40000,
    "season_tickets_sold": 1150,
    "season_tickets_revenue": 380000,
    "total_season_tickets": 56000,
    "total_season_revenue": 1570000
  },
  {
    "spieltag": 47,
    "date": "2024-02-18",
    "weekday": "Sunday",
    "time": 14,
    "home_team": "Home Team",
    "away_team": "Team Zeta",
    "distance": 250,
    "season": "23-24",
    "datetime": "2024-02-18 14:00:00",
    "ticket_count": 2800,
    "gross_revenue": 61800,
    "season_tickets_sold": 1150,
    "season_tickets_revenue": 380000,
    "total_season_tickets": 56000,
    "total_season_revenue": 1570000
  },
  {
    "spieltag": 50,
    "date": "2024-03-01",
    "weekday": "Friday",
    "time": 19.3,
    "home_team": "Home Team",
    "away_team": "Team Lambda",
    "distance": 370,
    "season": "23-24",
    "datetime": "2024-03-01 19:03:00",
    "ticket_count": 2650,
    "gross_revenue": 57000,
    "season_tickets_sold": 1150,
    "season_tickets_revenue": 380000,
    "total_season_tickets": 56000,
    "total_season_revenue": 1570000
  },
  {
    "spieltag": 51,
    "date": "2024-03-03",
    "weekday": "Sunday",
    "time": 14,
    "home_team": "Home Team",
    "away_team": "Team Beta",
    "distance": 450,
    "season": "23-24",
    "datetime": "2024-03-03 14:00:00",
    "ticket_count": 2230,
    "gross_revenue": 47000,
    "season_tickets_sold": 1150,
    "season_tickets_revenue": 380000,
    "total_season_tickets": 56000,
    "total_season_revenue": 1570000
  },
  {
    "spieltag": 2,
    "date": "2024-09-22",
    "weekday": "Sunday",
    "time": 16.3,
    "home_team": "Home Team",
    "away_team": "Team Xi",
    "distance": 360,
    "season": "24-25",
    "datetime": "2024-09-22 16:30:00",
    "ticket_count": 1990,
    "gross_revenue": 33000,
    "season_tickets_sold": 1200,
    "season_tickets_revenue": 435000,
    "total_season_tickets": 47000,
    "total_season_revenue": 1435000
  },
  {
    "spieltag": 3,
    "date": "2024-09-27",
    "weekday": "Friday",
    "time": 19.3,
    "home_team": "Home Team",
    "away_team": "Team Iota",
    "distance": 300,
    "season": "24-25",
    "datetime": "2024-09-27 19:30:00",
    "ticket_count": 1490,
    "gross_revenue": 27000,
    "season_tickets_sold": 1200,
    "season_tickets_revenue": 435000,
    "total_season_tickets": 47000,
    "total_season_revenue": 1435000
  },
  {
    "spieltag": 6,
    "date": "2024-10-04",
    "weekday": "Friday",
    "time": 19.3,
    "home_team": "Home Team",
    "away_team": "Team Epsilon",
    "distance": 630,
    "season": "24-25",
    "datetime": "2024-10-04 19:30:00",
    "ticket_count": 1520,
    "gross_revenue": 29500,
    "season_tickets_sold": 1200,
    "season_tickets_revenue": 435000,
    "total_season_tickets": 47000,
    "total_season_revenue": 1435000
  },
  {
    "spieltag": 9,
    "date": "2024-10-13",
    "weekday": "Sunday",
    "time": 16.3,
    "home_team": "Home Team",
    "away_team": "Team Kappa",
    "distance": 440,
    "season": "24-25",
    "datetime": "2024-10-13 16:30:00",
    "ticket_count": 1730,
    "gross_revenue": 38000,
    "season_tickets_sold": 1200,
    "season_tickets_revenue": 435000,
    "total_season_tickets": 47000,
    "total_season_revenue": 1435000
  },
  {
    "spieltag": 11,
    "date": "2024-10-20",
    "weekday": "Sunday",
    "time": 14,
    "home_team": "Home Team",
    "away_team": "Team Theta",
    "distance": 220,
    "season": "24-25",
    "datetime": "2024-10-20 14:00:00",
    "ticket_count": 2760,
    "gross_revenue": 67500,
    "season_tickets_sold": 1200,
    "season_tickets_revenue": 435000,
    "total_season_tickets": 47000,
    "total_season_revenue": 1435000
  },
  {
    "spieltag": 14,
    "date": "2024-10-31",
    "weekday": "Thursday",
    "time": 14,
    "home_team": "Home Team",
    "away_team": "Team Kappa",
    "distance": 440,
    "season": "24-25",
    "datetime": "2024-10-31 14:00:00",
    "ticket_count": 1980,
    "gross_revenue": 42800,
    "season_tickets_sold": 1200,
    "season_tickets_revenue": 435000,
    "total_season_tickets": 47000,
    "total_season_revenue": 1435000
  },
  {
    "spieltag": 17,
    "date": "2024-11-17",
    "weekday": "Sunday",
    "time": 14,
    "home_team": "Home Team",
    "away_team": "Team Epsilon",
    "distance": 630,
    "season": "24-25",
    "datetime": "2024-11-17 14:00:00",
    "ticket_count": 2200,
    "gross_revenue": 33800,
    "season_tickets_sold": 1200,
    "season_tickets_revenue": 435000,
    "total_season_tickets": 47000,
    "total_season_revenue": 1435000
  },
  {
    "spieltag": 18,
    "date": "2024-11-21",
    "weekday": "Thursday",
    "time": 19.3,
    "home_team": "Home Team",
    "away_team": "Team Gamma",
    "distance": 580,
    "season": "24-25",
    "datetime": "2024-11-21 19:30:00",
    "ticket_count": 950,
    "gross_revenue": 20800,
    "season_tickets_sold": 1200,
    "season_tickets_revenue": 435000,
    "total_season_tickets": 47000,
    "total_season_revenue": 1435000
  },
  {
    "spieltag": 20,
    "date": "2024-11-27",
    "weekday": "Wednesday",
    "time": 18,
    "home_team": "Home Team",
    "away_team": "Team Xi",
    "distance": 360,
    "season": "24-25",
    "datetime": "2024-11-27 18:00:00",
    "ticket_count": 1350,
    "gross_revenue": 18000,
    "season_tickets_sold": 1200,
    "season_tickets_revenue": 435000,
    "total_season_tickets": 47000,
    "total_season_revenue": 1435000
  },
  {
    "spieltag": 21,
    "date": "2024-11-29",
    "weekday": "Friday",
    "time": 19.3,
    "home_team": "Home Team",
    "away_team": "Team Lambda",
    "distance": 370,
    "season": "24-25",
    "datetime": "2024-11-29 19:30:00",
    "ticket_count": 1670,
    "gross_revenue": 37500,
    "season_tickets_sold": 1200,
    "season_tickets_revenue": 435000,
    "total_season_tickets": 47000,
    "total_season_revenue": 1435000
  },
  {
    "spieltag": 23,
    "date": "2024-12-06",
    "weekday": "Friday",
    "time": 13,
    "home_team": "Home Team",
    "away_team": "Team Delta",
    "distance": 600,
    "season": "24-25",
    "datetime": "2024-12-06 13:00:00",
    "ticket_count": 1390,
    "gross_revenue": 30000,
    "season_tickets_sold": 1200,
    "season_tickets_revenue": 435000,
    "total_season_tickets": 47000,
    "total_season_revenue": 1435000
  },
  {
    "spieltag": 25,
    "date": "2024-12-13",
    "weekday": "Friday",
    "time": 19.3,
    "home_team": "Home Team",
    "away_team": "Team Beta",
    "distance": 450,
    "season": "24-25",
    "datetime": "2024-12-13 19:30:00",
    "ticket_count": 1300,
    "gross_revenue": 27000,
    "season_tickets_sold": 1200,
    "season_tickets_revenue": 435000,
    "total_season_tickets": 47000,
    "total_season_revenue": 1435000
  },
  {
    "spieltag": 27,
    "date": "2024-12-18",
    "weekday": "Wednesday",
    "time": 19.3,
    "home_team": "Home Team",
    "away_team": "Team Mu",
    "distance": 520,
    "season": "24-25",
    "datetime": "2024-12-18 19:30:00",
    "ticket_count": 1050,
    "gross_revenue": 22500,
    "season_tickets_sold": 1200,
    "season_tickets_revenue": 435000,
    "total_season_tickets": 47000,
    "total_season_revenue": 1435000
  },
  {
    "spieltag": 29,
    "date": "2024-12-22",
    "weekday": "Sunday",
    "time": 14,
    "home_team": "Home Team",
    "away_team": "Team Alpha",
    "distance": 350,
    "season": "24-25",
    "datetime": "2024-12-22 14:00:00",
    "ticket_count": 2320,
    "gross_revenue": 55200,
    "season_tickets_sold": 1200,
    "season_tickets_revenue": 435000,
    "total_season_tickets": 47000,
    "total_season_revenue": 1435000
  },
  {
    "spieltag": 30,
    "date": "2024-12-26",
    "weekday": "Thursday",
    "time": 16.3,
    "home_team": "Home Team",
    "away_team": "Team Theta",
    "distance": 220,
    "season": "24-25",
    "datetime": "2024-12-26 16:30:00",
    "ticket_count": 2890,
    "gross_revenue": 78200,
    "season_tickets_sold": 1200,
    "season_tickets_revenue": 435000,
    "total_season_tickets": 47000,
    "total_season_revenue": 1435000
  },
  {
    "spieltag": 34,
    "date": "2025-01-05",
    "weekday": "Sunday",
    "time": 16.3,
    "home_team": "Home Team",
    "away_team": "Team Nu",
    "distance": 560,
    "season": "24-25",
    "datetime": "2025-01-05 16:30:00",
    "ticket_count": 1940,
    "gross_revenue": 40000,
    "season_tickets_sold": 1200,
    "season_tickets_revenue": 435000,
    "total_season_tickets": 47000,
    "total_season_revenue": 1435000
  },
  {
    "spieltag": 36,
    "date": "2025-01-12",
    "weekday": "Sunday",
    "time": 14,
    "home_team": "Home Team",
    "away_team": "Team Zeta",
    "distance": 250,
    "season": "24-25",
    "datetime": "2025-01-12 14:00:00",
    "ticket_count": 2520,
    "gross_revenue": 57800,
    "season_tickets_sold": 1200,
    "season_tickets_revenue": 435000,
    "total_season_tickets": 47000,
    "total_season_revenue": 1435000
  },
  {
    "spieltag": 38,
    "date": "2025-01-19",
    "weekday": "Sunday",
    "time": 16.3,
    "home_team": "Home Team",
    "away_team": "Team Gamma",
    "distance": 580,
    "season": "24-25",
    "datetime": "2025-01-19 16:30:00",
    "ticket_count": 1890,
    "gross_revenue": 36000,
    "season_tickets_sold": 1200,
    "season_tickets_revenue": 435000,
    "total_season_tickets": 47000,
    "total_season_revenue": 1435000
  },
  {
    "spieltag": 40,
    "date": "2025-01-26",
    "weekday": "Sunday",
    "time": 19,
    "home_team": "Home Team",
    "away_team": "Team Delta",
    "distance": 600,
    "season": "24-25",
    "datetime": "2025-01-26 19:00:00",
    "ticket_count": 1550,
    "gross_revenue": 33500,
    "season_tickets_sold": 1200,
    "season_tickets_revenue": 435000,
    "total_season_tickets": 47000,
    "total_season_revenue": 1435000
  },
  {
    "spieltag": 41,
    "date": "2025-01-28",
    "weekday": "Tuesday",
    "time": 19.3,
    "home_team": "Home Team",
    "away_team": "Team Alpha",
    "distance": 350,
    "season": "24-25",
    "datetime": "2025-01-28 19:30:00",
    "ticket_count": 1180,
    "gross_revenue": 20500,
    "season_tickets_sold": 1200,
    "season_tickets_revenue": 435000,
    "total_season_tickets": 47000,
    "total_season_revenue": 1435000
  },
  {
    "spieltag": 43,
    "date": "2025-02-02",
    "weekday": "Sunday",
    "time": 16.3,
    "home_team": "Home Team",
    "away_team": "Team Iota",
    "distance": 300,
    "season": "24-25",
    "datetime": "2025-02-02 16:30:00",
    "ticket_count": 1920,
    "gross_revenue": 39200,
    "season_tickets_sold": 1200,
    "season_tickets_revenue": 435000,
    "total_season_tickets": 47000,
    "total_season_revenue": 1435000
  },
  {
    "spieltag": 45,
    "date": "2025-02-16",
    "weekday": "Sunday",
    "time": 14,
    "home_team": "Home Team",
    "away_team": "Team Zeta",
    "distance": 250,
    "season": "24-25",
    "datetime": "2025-02-16 14:00:00",
    "ticket_count": 2480,
    "gross_revenue": 62900,
    "season_tickets_sold": 1200,
    "season_tickets_revenue": 435000,
    "total_season_tickets": 47000,
    "total_season_revenue": 1435000
  },
  {
    "spieltag": 47,
    "date": "2025-02-21",
    "weekday": "Friday",
    "time": "18.00 VW",
    "home_team": "Home Team",
    "away_team": "Team Mu",
    "distance": 520,
    "season": "24-25",
    "datetime": "2025-02-21 18:00:00",
    "ticket_count": 1870,
    "gross_revenue": 41000,
    "season_tickets_sold": 1200,
    "season_tickets_revenue": 435000,
    "total_season_tickets": 47000,
    "total_season_revenue": 1435000
  },
  {
    "spieltag": 49,
    "date": "2025-02-28",
    "weekday": "Friday",
    "time": 19.3,
    "home_team": "Home Team",
    "away_team": "Team Lambda",
    "distance": 370,
    "season": "24-25",
    "datetime": "2025-02-28 19:30:00",
    "ticket_count": 2390,
    "gross_revenue": 57000,
    "season_tickets_sold": 1200,
    "season_tickets_revenue": 435000,
    "total_season_tickets": 47000,
    "total_season_revenue": 1435000
  },
  {
    "spieltag": 51,
    "date": "2025-03-04",
    "weekday": "Tuesday",
    "time": 19.3,
    "home_team": "Home Team",
    "away_team": "Team Nu",
    "distance": 560,
    "season": "24-25",
    "datetime": "2025-03-04 19:30:00",
    "ticket_count": 1400,
    "gross_revenue": 26500,
    "season_tickets_sold": 1200,
    "season_tickets_revenue": 435000,
    "total_season_tickets": 47000,
    "total_season_revenue": 1435000
  }
]

